@book{AMP2P,
  author = {Shankar Karuppayah},
  year = {2018},
  title = {Advanced Monitoring in P2P Botnets. A Dual Perspective.},
  publisher = {Springer}
}

@book{SP2PVN,
  author = {Nicolas Falliere},
  year = {2011},
  title = {Sality: Story of a Peer-to-Peer Viral Network},
  publisher = {Symantec Corporation}
}

@inproceedings{abu2006multifaceted,
  title={A multifaceted approach to understanding the botnet phenomenon},
  author={Abu Rajab, Moheeb and Zarfoss, Jay and Monrose, Fabian and Terzis, Andreas},
  booktitle={Proceedings of the 6th ACM SIGCOMM conference on Internet measurement},
  pages={41--52},
  year={2006},
  organization={ACM}
}

@article{SurveyArchitectures,
  title={A Survey on Botnet Architectures, Detection and Defences.},
  author={Mahmoud, Muhammad and Nir, Manjinder and Matrawy, Ashraf and others},
  journal={IJ Network Security},
  volume={17},
  number={3},
  pages={264--281},
  year={2015}
}

@article{grizzard2007peer,
  title={Peer-to-Peer Botnets: Overview and Case Study.},
  author={Grizzard, Julian B and Sharma, Vikram and Nunnery, Chris and Kang, Brent ByungHoon and Dagon, David},
  journal={HotBots},
  volume={7},
  pages={1--1},
  year={2007}
}

@inproceedings{P2PWNED,
  title={Sok: P2pwned-modeling and evaluating the resilience of peer-to-peer botnets},
  author={Rossow, Christian and Andriesse, Dennis and Werner, Tillmann and Stone-Gross, Brett and Plohmann, Daniel and Dietrich, Christian J and Bos, Herbert},
  booktitle={2013 IEEE Symposium on Security and Privacy},
  pages={97--111},
  year={2013},
  organization={IEEE}
}

@inproceedings{kang2009towards,
  title={Towards complete node enumeration in a peer-to-peer botnet},
  author={Kang, Brent ByungHoon and Chan-Tin, Eric and Lee, Christopher P and Tyra, James and Kang, Hun Jeong and Nunnery, Chris and Wadler, Zachariah and Sinclair, Greg and Hopper, Nicholas and Dagon, David and others},
  booktitle={Proceedings of the 4th International Symposium on Information, Computer, and Communications Security},
  pages={23--34},
  year={2009},
  organization={ACM}
}

@inproceedings{andriesse2015reliable,
  title={Reliable recon in adversarial peer-to-peer botnets},
  author={Andriesse, Dennis and Rossow, Christian and Bos, Herbert},
  booktitle={Proceedings of the 2015 Internet Measurement Conference},
  pages={129--140},
  year={2015},
  organization={ACM}
}

@inproceedings{haas2016resilience,
  title={On the resilience of P2P-based botnet graphs},
  author={Haas, Steffen and Karuppayah, Shankar and Manickam, Selvakumar and M{\"u}hlh{\"a}user, Max and Fischer, Mathias},
  booktitle={2016 IEEE Conference on Communications and Network Security (CNS)},
  pages={225--233},
  year={2016},
  organization={IEEE}
}

@article{vargaOmnet++,
  title={OMNeT++ User Manual, Version 5.5},
  author={Varga, Andras and others},
  journal={https://doc.omnetpp.org/omnetpp/manual/},
  year={accessed 2019}
}
